@article{Xenakis20063225,
title = "A generic characterization of the overheads imposed by {IPsec} and associated cryptographic algorithms ",
journal = "Computer Networks ",
volume = "50",
number = "17",
pages = "3225 - 3241",
year = "2006",
note = "",
issn = "1389-1286",
author = "Christos Xenakis and Nikolaos Laoutaris and Lazaros Merakos and Ioannis Stavrakakis"
}

@article{Paterson200672,
title = "A cryptographic tour of the {IPsec} standards ",
journal = "Information Security Technical Report ",
volume = "11",
number = "2",
pages = "72 - 81",
year = "2006",
note = "",
issn = "1363-4127",
author = "Kenneth G. Paterson"
}

@book{2015-arm-buy-polarssl,
author={ARM},
title={ARM buys Leading IoT Security Company Offspark as it Expands its mbed Platform},
note={\href{http://www.arm.com/about/newsroom/arm-buys-leading-iot-security-company-offspark-as-it-expands-its-mbed-platform.php}
	{\nolinkurl{http://www.arm.com/about/newsroom/arm-buys-leading-iot-security-company-offspark-as-it-expands-}\\
	\nolinkurl{its-mbed-platform.php}}},
year={2015},
month={February},
day={09}
}

@misc{cryptoeprint:2001:045,
    author = {Hugo Krawczyk},
    title = {The order of encryption and authentication for protecting communications (Or: how secure is SSL?)},
    howpublished = {Cryptology ePrint Archive, Report 2001/045},
    year = {2001},
    note = {\url{http://eprint.iacr.org/}},
}

@techreport{rfc2631,
	author = "E. Rescorla",
	title = "{Diffie-Hellman Key Agreement Method}",
	HOWPUBLISHED = {Internet Requests for Comments},
	TYPE="{RFC}",
	NUMBER=2631,
	PAGES = {1-13},
	ISSN = {2070-1721},
	PUBLISHER = "{RFC Editor}",
	INSTITUTION = "{RFC Editor}",
	URL={http://tools.ietf.org/rfc/rfc2631.txt},
	year = "1999",
	month = "June",
}

@techreport{rfc4106,
	author = "J. Viega and D. McGrew",
	title = "{The Use of Galois/Counter Mode (GCM) in IPsec Encapsulating Security Payload (ESP)}",
	HOWPUBLISHED = {Internet Requests for Comments},
	TYPE="{RFC}",
	NUMBER=4106,
	PAGES = {1-11},
	ISSN = {2070-1721},
	PUBLISHER = "{RFC Editor}",
	INSTITUTION = "{RFC Editor}",
	URL={https://tools.ietf.org/rfc/rfc4106.txt},
	year = "2005",
	month = "June",
}

@misc{cyrpto-api-pk-encryption,
	author = {Tadeusz Struk},
	title = {[PATCH RFC 0/2] crypto: Introduce Public Key Encryption API},
	year = {2015},
	month = {April},
	howpublished = {Request for comments on the Linux Kernel mailing list},
	URL = {https://lkml.org/lkml/2015/4/30/846},
}

@book{Corbet:2005:LDD:1209083,
 author = {Corbet, Jonathan and Rubini, Alessandro and Kroah-Hartman, Greg},
 title = {Linux Device Drivers, 3rd Edition},
 year = {2005},
 isbn = {0596005903},
 publisher = {O'Reilly Media, Inc.},
}

@book{rosen2014,
 author = {Rami Rosen},
 title = {Linux Kernel Networking},
 year = {2014},
 isbn = {978-1-4302-6196-4},
 publisher = {Apress},
}

@book{cryptoencyclopedia2011,
 editor = {Henk C. A. van Tilborg and Sushil Jajodia},
 title = {Encyclopedia of Cryptography and Security},
 year = {2011},
 isbn = {978-1-4419-5905-8},
 publisher = {Springer US},
}

@article{Dunbar200135,
title = "{IPsec} Networking Standards — An Overview ",
journal = "Information Security Technical Report ",
volume = "6",
number = "1",
pages = "35 - 48",
year = "2001",
note = "",
issn = "1363-4127",
doi = "http://dx.doi.org/10.1016/S1363-4127(01)00106-6",
author = "Neil Dunbar"
}

@incollection{intel-ipsec2011,
	title = {{Using Intel® AES New Instructions and PCLMULQDQ to Significantly Improve IPSec Performance on Linux}},
	author = {Intel Corp.},
	publisher = {Intel White Paper},
	year = {2011},
	month = {August},
}

@techreport{Frankel:2005:SGI:2206289,
 author = {Frankel, Sheila E. and Kent, Karen and Lewkowski, Ryan and Orebaugh, Angela D. and Ritchey, Ronald W. and Sharma, Steven R.},
 title = {{SP 800-77. Guide to IPsec VPNs}},
 year = {2005},
 publisher = {National Institute of Standards and Technology},
 address = {Gaithersburg, MD, United States},
} 

@techreport{Chernick:2005:SGS:2206265,
 author = {Chernick, C. Michael and Edington,III, Charles and Fanto, Matthew J. and Rosenthal, Rob},
 title = {{SP 800-52. Guidelines for the Selection and Use of Transport Layer Security (TLS) Implementations}},
 year = {2005},
 publisher = {National Institute of Standards and Technology},
 address = {Gaithersburg, MD, United States},
}

@techreport{nist-sp800-131A,
 author = {Elaine Barker and Allen Roginsky},
 title = {{SP 800-131A. Transitions: Recommendation for Transitioning the Use of Cryptographic
Algorithms and Key Lengths}},
 year = {2011},
 month = {January},
 publisher = {National Institute of Standards and Technology},
 address = {Gaithersburg, MD, United States},
}

@techreport{pkcs1,
	title = {{PKCS \#1 v2.2: RSA Cryptography Standard}},
	author = {{RSA Laboratories}},
	year = {2012},
	month = {October},
	publisher = {{EMC Corporation Public-Key Cryptography Standards (PKCS}}
}

@article{Rivest:1978:MOD:359340.359342,
 author = {Rivest, R. L. and Shamir, A. and Adleman, L.},
 title = {A Method for Obtaining Digital Signatures and Public-key Cryptosystems},
 journal = {Commun. ACM},
 issue_date = {Feb. 1978},
 volume = {21},
 number = {2},
 month = feb,
 year = {1978},
 pages = {120--126},
 doi = {10.1145/359340.359342},
 publisher = {ACM},
}

@misc{koch2011,
	title = {{Userspace I/O drivers in a realtime context}},
	author = {Hans J. Koch},
	year = {2011},
	howpublished = {Linutronix GmbH},
}

@misc{Santhanam2003,
	title = {{Towards Linux 2.6 -- A look into the workings of the next new kernel}},
	author = {Anand K. Santhanam},
	year = {2003},
	month = {September},
	howpublished = {\url{http://www2.comp.ufscar.br/~helio/kernel_2.6/inside_kernel-2.6.html}},
	note = {Originaly published on IMB website},
}